@inproceedings{Moritz:2015:EuroVis,
  author = {Moritz, Dominik and Halperin, Daniel and Howe, Bill and Heer, Jeffrey},
  title = {Perfopticon: Visual Query Analysis for Distributed Databases},
  booktitle = {Proceedings of the 2015 Eurographics Conference on Visualization},
  series = {EuroVis '15},
  year = {2015},
  pages = {71--80},
  doi = {10.1111/cgf.12619},
  publisher = {Eurographics Association},
  address = {Aire-la-Ville, Switzerland, Switzerland},
} 

@ARTICLE{d3js, 
  author={Bostock, M. and Ogievetsky, V. and Heer, J.}, 
  journal={IEEE Transactions on Visualization and Computer Graphics}, 
  title={D3: Data-Driven Documents}, 
  year={2011}, 
  volume={17}, 
  number={12}, 
  pages={2301-2309}, 
  doi={10.1109/TVCG.2011.185}, 
  ISSN={1077-2626}, 
  month={Dec},
}

@book{ware:2004:IVP,
  author = {Colin Ware},
  title = {Information Visualization: Perception for Design},
  edition = {2\textsuperscript{nd}},
  year = 2004,
  publisher = {Morgan Kaufmann Publishers Inc.},
  address = {San Francisco},
	doi = {http://dx.doi.org/10.1016/B978-155860819-1/50001-7}
}

@phdthesis{levoy:1989:DSV,
  author = {Marc Levoy},
  title = {Display of Surfaces from Volume Data},
  school = {University of North Carolina at Chapel Hill},
	address = {USA},
	url = {http://www.cs.unc.edu/techreports/89-022.pdf},
  year = {1989},
}

@article{Lorensen:1987:MCA,
 author = {Lorensen, William E. and Cline, Harvey E.},
 title = {Marching Cubes: A High Resolution {3D} Surface Construction Algorithm},
 journal = {SIGGRAPH Computer Graphics},
 volume = {21},
 number = {4},
 month = aug,
 year = {1987},
 pages = {163--169},
 doi = {10.1145/37402.37422},
}

@inproceedings{Nielson:1991:TAD,
  author = {Gregory M. Nielson and Bernd Hamann},
  title = {The Asymptotic Decider: Removing the Ambiguity in Marching Cubes},
  year = {1991},
  booktitle = {Proc.\ Visualization},
  pages = {83--91},
  doi={10.1109/VISUAL.1991.175782},
	publisher = {IEEE Computer Society},
	address = {Los Alamitos},
}
